@inproceedings{PetrovicMikic2015,
author = {Petar Petrovi{\'c} and Mika Miki{\'c}},
title = {Nau{\v c}ni rad},
booktitle = {Konferencija iz matematike i ra{\v c}unarstva},
year = {2015},
editor = {Miloje Milojevi{\'c}},
language = {serbian},
hyphenation = {serbian}
}

@article{GuSh:243,
author = {Gurevich, Yuri and Shelah, Saharon},
ams-subject = {(05C80)},
fromwhere = {1,IL},
journal = {SIAM Journal on Computing},
review = {MR 88i:05162},
pages = {486--502},
title = {{Expected computation time for Hamiltonian path problem}},
volume = {16},
year = {1987},
language = {english},
hyphenation = {english}
}

@misc{gcc,
title = {{GNU gcc}},
note = {on-line at: \url{http://gcc.gnu.org/}},
     author = {Free Software Foundation},
     year = {2013}
}

@inproceedings{ProbabilisticBS,
author = {Christian Blum, Carlos Cotta, Antonio J. Fernandez and Francisco Gallardo},
title = {{A Probabilistic Beam Search Approach to the Shortest Common Supersequence Problem}},
booktitle = {Lecture Notes in Computer Science},
year = {2007},
language = {english}
}

@misc{SCSSProblemDef,
title = {{Shortest common supersequence}},
note = {on-line at: \url{https://www.csc.kth.se/~viggo/wwwcompendium/node165.html}},
author = {Garey and Johnson},
}